@misc{GoogleKeyboard,
      title={Federated Learning for Mobile Keyboard Prediction}, 
      author={Andrew Hard and Kanishka Rao and Rajiv Mathews and Swaroop Ramaswamy and Françoise Beaufays and Sean Augenstein and Hubert Eichner and Chloé Kiddon and Daniel Ramage},
      year={2019},
      eprint={1811.03604},
      archivePrefix={arXiv},
      primaryClass={cs.CL}
}


@misc{LFighter_paper,
      title={Defending against the Label-flipping Attack in Federated Learning}, 
      author={Najeeb Moharram Jebreel and Josep Domingo-Ferrer and David Sánchez and Alberto Blanco-Justicia},
      year={2022},
      eprint={2207.01982},
      archivePrefix={arXiv},
      primaryClass={cs.CR}
}

@misc{LFighter_code,
  author   = {Najeeb Jabreel},
  title    = {LFighter},
  url      = {https://github.com/NajeebJebreel/LFighter},
  year     = 2023
}

@misc{MastersThesisCode,
  author   = {Eduard Bel},
  title    = {Master's Thesis Code},
  url      = {https://github.com/EduardBel/MastersThesisCode},
  year     = 2023
}

@misc{BreastCancerComputerVision,
  author={Goni, Md. Omaer Faruq and Hasnain, Fahim Md. Sifnatul and Siddique, Md. Abu Ismail and Jyoti, Oishi and Rahaman, Md. Habibur},
  booktitle={2020 23rd International Conference on Computer and Information Technology (ICCIT)}, 
  title={Breast Cancer Detection using Deep Neural Network}, 
  year={2020},
  volume={},
  number={},
  pages={1-5},
  doi={10.1109/ICCIT51783.2020.9392705}}

@misc{FederatedLearningPaper,
  title={Communication-efficient learning of deep networks from decentralized data},
  author={McMahan, Brendan and Moore, Eider and Ramage, Daniel and Hampson, Seth and y Arcas, Blaise Aguera},
  booktitle={Artificial intelligence and statistics},
  pages={1273--1282},
  year={2017},
  organization={PMLR}
}

@misc{GDPR,
  abstract = {EU Datenschutzgrundverordnung (kurz: DS-GVO / auch: DSGVO) im Orginal mit allen Sprachversionen},
  added-at = {2020-08-20T11:33:21.000+0200},
  author = {{European Commission}},
  biburl = {https://www.bibsonomy.org/bibtex/243a2175512dc8b9d8855fa7a763cdc3e/zotero},
  interhash = {c7b667cac6031282160a9e94d5a118f8},
  intrahash = {43a2175512dc8b9d8855fa7a763cdc3e},
  keywords = {ddm en m1.3 open_access},
  publisher = {European Commission},
  timestamp = {2020-08-20T11:33:21.000+0200},
  title = {Regulation ({EU}) 2016/679 of the {European} {Parliament} and of the {Council} of 27 {April} 2016 on the protection of natural persons with regard to the processing of personal data and on the free movement of such data, and repealing {Directive} 95/46/{EC} ({General} {Data} {Protection} {Regulation}) ({Text} with {EEA} relevance)},
  url = {https://eur-lex.europa.eu/eli/reg/2016/679/oj},
  year = 2016
}

@misc{MedianPaper,
      title={Byzantine-Robust Distributed Learning: Towards Optimal Statistical Rates}, 
      author={Dong Yin and Yudong Chen and Kannan Ramchandran and Peter Bartlett},
      year={2021},
      eprint={1803.01498},
      archivePrefix={arXiv},
      primaryClass={cs.LG}
}

@misc{MKrumPaper,
  title={Machine learning with adversaries: Byzantine tolerant gradient descent},
  author={Blanchard, Peva and El Mhamdi, El Mahdi and Guerraoui, Rachid and Stainer, Julien},
  journal={Advances in neural information processing systems},
  volume={30},
  year={2017}
}

@misc{FoolsGoldPaper,
  title={The limitations of federated learning in sybil settings},
  author={Fung, Clement and Yoon, Chris JM and Beschastnikh, Ivan},
  booktitle={23rd International Symposium on Research in Attacks, Intrusions and Defenses (RAID 2020)},
  pages={301--316},
  year={2020}
}

@misc{TolpeginPaper,
  title={Data poisoning attacks against federated learning systems},
  author={Tolpegin, Vale and Truex, Stacey and Gursoy, Mehmet Emre and Liu, Ling},
  booktitle={Computer Security--ESORICS 2020: 25th European Symposium on Research in Computer Security, ESORICS 2020, Guildford, UK, September 14--18, 2020, Proceedings, Part I 25},
  pages={480--501},
  year={2020},
  organization={Springer}
}

@misc{FLAMEPaper,
  title={$\{$FLAME$\}$: Taming backdoors in federated learning},
  author={Nguyen, Thien Duc and Rieger, Phillip and De Viti, Roberta and Chen, Huili and Brandenburg, Bj{\"o}rn B and Yalame, Hossein and M{\"o}llering, Helen and Fereidooni, Hossein and Marchal, Samuel and Miettinen, Markus and others},
  booktitle={31st USENIX Security Symposium (USENIX Security 22)},
  pages={1415--1432},
  year={2022}
}

@article{ThesisNajeeb,
  title={Protecting Models and Data in Federated and Centralized Learning},
  author={Jebreel, Najeeb Moharram Salim and others},
  publisher={Universitat Rovira i Virgili}
}

@article{MNIST,
  added-at = {2010-06-28T21:16:30.000+0200},
  author = {LeCun, Yann and Cortes, Corinna},
  biburl = {https://www.bibsonomy.org/bibtex/2935bad99fa1f65e03c25b315aa3c1032/mhwombat},
  groups = {public},
  howpublished = {http://yann.lecun.com/exdb/mnist/},
  interhash = {21b9d0558bd66279df9452562df6e6f3},
  intrahash = {935bad99fa1f65e03c25b315aa3c1032},
  keywords = {MSc _checked character_recognition mnist network neural},
  lastchecked = {2016-01-14 14:24:11},
  timestamp = {2016-07-12T19:25:30.000+0200},
  title = {{MNIST} handwritten digit database},
  url = {http://yann.lecun.com/exdb/mnist/},
  username = {mhwombat},
  year = 2010
}

@article{CIFAR10,
  title= {CIFAR-10 (Canadian Institute for Advanced Research)},
  journal= {},
  author= {Alex Krizhevsky and Vinod Nair and Geoffrey Hinton},
  year= {},
  url= {http://www.cs.toronto.edu/~kriz/cifar.html},
  abstract= {The CIFAR-10 dataset consists of 60000 32x32 colour images in 10 classes, with 6000 images per class. There are 50000 training images and 10000 test images. 

  The dataset is divided into five training batches and one test batch, each with 10000 images. The test batch contains exactly 1000 randomly-selected images from each class. The training batches contain the remaining images in random order, but some training batches may contain more images from one class than another. Between them, the training batches contain exactly 5000 images from each class. },
  keywords= {Dataset},
  terms= {}
}

@data{IMDB,
  doi = {10.21227/zm1y-b270},
  url = {https://dx.doi.org/10.21227/zm1y-b270},
  author = {Pal, Aditya and Barigidad, Abhilash and Mustafi, Abhijit},
  publisher = {IEEE Dataport},
  title = {IMDb Movie Reviews Dataset},
  year = {2020} 
}
